{
  "AAPL": [
    {
      "date": "2025-06-30",
      "revenue": 94036000000.0
    },
    {
      "date": "2025-03-31",
      "revenue": 95359000000.0
    },
    {
      "date": "2024-12-31",
      "revenue": 124300000000.0
    },
    {
      "date": "2024-09-30",
      "revenue": 94930000000.0
    },
    {
      "date": "2024-06-30",
      "revenue": 85777000000.0
    }
  ],
  "NVDA": [
    {
      "date": "2025-07-31",
      "revenue": 46743000000.0
    },
    {
      "date": "2025-04-30",
      "revenue": 44062000000.0
    },
    {
      "date": "2025-01-31",
      "revenue": 39331000000.0
    },
    {
      "date": "2024-10-31",
      "revenue": 35082000000.0
    },
    {
      "date": "2024-07-31",
      "revenue": 30040000000.0
    }
  ],
  "BBAI": [
    {
      "date": "2025-06-30",
      "revenue": 32472000.0
    },
    {
      "date": "2025-03-31",
      "revenue": 34757000.0
    },
    {
      "date": "2024-12-31",
      "revenue": 43827000.0
    },
    {
      "date": "2024-09-30",
      "revenue": 41505000.0
    },
    {
      "date": "2024-06-30",
      "revenue": 39783000.0
    }
  ],
  "MSFT": [
    {
      "date": "2025-06-30",
      "revenue": 76441000000.0
    },
    {
      "date": "2025-03-31",
      "revenue": 70066000000.0
    },
    {
      "date": "2024-12-31",
      "revenue": 69632000000.0
    },
    {
      "date": "2024-09-30",
      "revenue": 65585000000.0
    },
    {
      "date": "2024-06-30",
      "revenue": 64727000000.0
    }
  ]
}